@INPROCEEDINGS{JAM,
  author={Stolfo, S.J. and Wei Fan and Wenke Lee and Prodromidis, A. and Chan, P.K.},
  booktitle={Proceedings DARPA Information Survivability Conference and Exposition. DISCEX'00}, 
  title={Cost-based modeling for fraud and intrusion detection: results from the JAM project}, 
  year={2000},
  volume={2},
  number={},
  pages={130-144 vol.2},
  keywords={Intrusion detection;Computer science;Electrical capacitance tomography;Ear;Data mining;Statistics;Statistical analysis;Cost accounting;Identity-based encryption;Java},
  doi={10.1109/DISCEX.2000.821515}}
